<record><leader>00000cas a2200000Ia 4500</leader><controlfield tag="001">8641019</controlfield><controlfield tag="008">820728d1976197unjumn ne      0   a0eng d</controlfield><datafield ind1=" " ind2=" " tag="010"><subfield code="a">sn 93060390 </subfield></datafield><datafield ind1=" " ind2=" " tag="040"><subfield code="a">MUL</subfield><subfield code="b">eng</subfield><subfield code="c">MUL</subfield><subfield code="d">MQN</subfield><subfield code="d">OCLCQ</subfield></datafield><datafield ind1="0" ind2="4" tag="245"><subfield code="a">The Lutheran times.</subfield></datafield><datafield ind1="1" ind2="3" tag="246"><subfield code="a">Lutheran times in New Jersey</subfield></datafield><datafield ind1=" " ind2=" " tag="260"><subfield code="a">Trenton, N.J. :</subfield><subfield code="b">Lutheran times</subfield></datafield><datafield ind1=" " ind2=" " tag="300"><subfield code="a">v.</subfield></datafield><datafield ind1=" " ind2=" " tag="310"><subfield code="a">Monthly (except July and Aug.)</subfield></datafield><datafield ind1=" " ind2=" " tag="550"><subfield code="a">Published for Lutherans in New Jersey by the New Jersey Synod of the Lutheran Church in America, the New Jersey District of the Lutheran Church-Missouri Synod, the New Jersey-Northeastern Pennsylvania Conference of the American Lutheran Church, and Lutheran Social Services of New Jersey.</subfield></datafield><datafield ind1=" " ind2=" " tag="588"><subfield code="a">Description based on: Vol. 5, no. 7 (Sept. 1976).</subfield></datafield><datafield ind1="2" ind2=" " tag="710"><subfield code="a">Lutheran Church in America.</subfield><subfield code="b">New Jersey Synod.</subfield></datafield><datafield ind1="2" ind2=" " tag="710"><subfield code="a">Lutheran Church--Missouri Synod.</subfield><subfield code="b">New Jersey District.</subfield></datafield><datafield ind1="2" ind2=" " tag="710"><subfield code="a">American Lutheran Church</subfield><subfield code="d">(1961-1987).</subfield><subfield code="b">New Jersey-Northeastern Pennsylvania Conference.</subfield></datafield><datafield ind1="2" ind2=" " tag="710"><subfield code="a">Lutheran Social Services of New Jersey.</subfield></datafield><datafield ind1=" " ind2=" " tag="752"><subfield code="a">United States</subfield><subfield code="b">New Jersey</subfield><subfield code="c">Mercer</subfield><subfield code="d">Trenton.</subfield></datafield><datafield ind1="0" ind2="0" tag="780"><subfield code="t">Lutheran times in New Jersey</subfield><subfield code="w">(DLC)sn 93060383</subfield></datafield></record>